<record><leader>00000cas a22000007a 4500</leader><controlfield tag="001">10060301</controlfield><controlfield tag="008">831026d18651886nyuwr ne      0    0eng d</controlfield><datafield ind1=" " ind2=" " tag="010"><subfield code="a">sn 83031763 </subfield></datafield><datafield ind1=" " ind2=" " tag="040"><subfield code="a">NPU</subfield><subfield code="b">eng</subfield><subfield code="c">NPU</subfield><subfield code="d">NPX</subfield><subfield code="d">NYS</subfield><subfield code="d">OCLCQ</subfield><subfield code="d">KRTAS</subfield><subfield code="d">OCLCQ</subfield></datafield><datafield ind1=" " ind2=" " tag="042"><subfield code="a">msc</subfield></datafield><datafield ind1="0" ind2="0" tag="245"><subfield code="a">Westchester times.</subfield></datafield><datafield ind1="1" ind2="3" tag="246"><subfield code="a">Westchester times and the East Chester news</subfield></datafield><datafield ind1=" " ind2=" " tag="260"><subfield code="a">Morrisania, N.Y. :</subfield><subfield code="b">Grinton Bros.,</subfield><subfield code="c">-1886.</subfield></datafield><datafield ind1=" " ind2=" " tag="300"><subfield code="a">v. ;</subfield><subfield code="c">61-81 cm.</subfield></datafield><datafield ind1=" " ind2=" " tag="310"><subfield code="a">Weekly</subfield></datafield><datafield ind1="0" ind2=" " tag="362"><subfield code="a">-v. 23, no. 1,152 (Mar. 6, 1886).</subfield></datafield><datafield ind1="1" ind2=" " tag="362"><subfield code="a">Began in Jan. 1865.</subfield><subfield code="z">Cf. Hufeland, O. Check list of books ... relating to the counties of Westchester and Bronx.</subfield></datafield><datafield ind1=" " ind2=" " tag="500"><subfield code="a">Published as: Westchester times and the East Chester news, May &lt;27&gt;, 1882-Jan. 6, 1883.</subfield></datafield><datafield ind1=" " ind2=" " tag="500"><subfield code="a">Editor: D.B. Frisbee, &lt;1876&gt;.</subfield></datafield><datafield ind1=" " ind2=" " tag="500"><subfield code="a">Publisher: D.B. Frisbee, &lt;1876&gt;.</subfield></datafield><datafield ind1=" " ind2=" " tag="588"><subfield code="a">Description based on: Vol. 1, no. 6 (Mar. 3, 1865).</subfield></datafield><datafield ind1=" " ind2="4" tag="651"><subfield code="a">Morrisania (New York, N.Y.)</subfield><subfield code="v">Newspapers.</subfield></datafield><datafield ind1=" " ind2="4" tag="651"><subfield code="a">Bronx (New York, N.Y.)</subfield><subfield code="v">Newspapers.</subfield></datafield><datafield ind1=" " ind2="4" tag="651"><subfield code="a">Bronx County (N.Y.)</subfield><subfield code="v">Newspapers.</subfield></datafield><datafield ind1=" " ind2=" " tag="752"><subfield code="a">United States</subfield><subfield code="b">New York</subfield><subfield code="c">Bronx</subfield><subfield code="d">Morrisania.</subfield></datafield><datafield ind1=" " ind2=" " tag="752"><subfield code="a">United States</subfield><subfield code="b">New York</subfield><subfield code="d">New York.</subfield></datafield><datafield ind1="0" ind2="0" tag="785"><subfield code="t">Westchester times and the New York people</subfield><subfield code="w">(DLC)sn 83031762</subfield></datafield><datafield ind1=" " ind2=" " tag="938"><subfield code="a">Kirtas Technologies, Inc.</subfield><subfield code="b">KRTS</subfield><subfield code="n">737596</subfield></datafield><datafield ind1="1" ind2=" " tag="029"><subfield code="a">AU@</subfield><subfield code="b">000020286970</subfield></datafield></record>